@online{LYHGG,
title = {Learn You a Haskell for Great Good},
author = {Miran Lipova\u{c}a},
url = {http://learnyouahaskell.com},
urlyear = {2015}
}

@online{RWH,
title = {Real World Haskell},
author = {Bryan O'Sullivan and Don Stewart and John Goerzen},
url = {http://book.realworldhaskell.org},
urlyear = {2015}
}

@book{ASF,
title = {Arrows, Structures and Functors},
author = {Michael A. Arbib},
year = {1975},
publisher = {Academic Press}
}

@online {TTT,
title = {Toposes, Triples and Theories},
author = {Michael Barr and Charles Wells},
year = {2005},
url = {http://www.tac.mta.ca/tac/reprints/articles/12/tr12.pdf},
urlyear = {2015}
}